@misc{4004-wikichip,
  title   = {4004 - Intel},
  url     = {https://en.wikichip.org/wiki/intel/mcs-4/4004},
  urldate = {23-11-19}
}

@article{sestoft2016,
  author = {Peter Sestoft},
  title  = {Microbenchmarks in Java and C#},
  year   = {2016}
}

@article{sestoft2019,
  author = {Peter Sestoft},
  title  = {A multicore performance mystery solved},
  year   = {2019}
}

@article{apollo11,
  author  = {Eldon C. Hall},
  journal = {MIT's role in project apollo},
  title   = {Final report on contracts NAS 9-163 and NAS 94065},
  volume  = {III},
  year    = {1972},
  url     = {http://ibiblio.org/apollo/hrst/archive/1029.pdf},
  urldate = {2023-11-20}
}

@book{akinshin2019,
  author    = {Akinshin, Andrey},
  title     = {Pro .NET Benchmarking},
  publisher = {Apress},
  year      = {2019},
  edition   = {1},
  pages     = {690},
  isbn      = {978-1-4842-4940-6},
  doi       = {10.1007/978-1-4842-4941-3}
}

@inproceedings{chit-kwan2019,
  author    = {Lin, Chit-Kwan and Tarsa, Stephen J.},
  booktitle = {2019 IEEE International Symposium on Workload Characterization (IISWC)},
  title     = {Branch Prediction Is Not A Solved Problem: Measurements, Opportunities, and Future Directions},
  year      = {2019},
  volume    = {},
  number    = {},
  pages     = {228-238},
  doi       = {10.1109/IISWC47752.2019.9042108}
}

@online{burtsev2021,
  author       = {Anton Burtsev},
  title        = {Computer Systems Architecture, Lecture 9: Out-of-order execution},
  year         = {2021},
  url          = {https://users.cs.utah.edu/~aburtsev/250P/lectures/lecture09-out-of-order/lecture09-out-of-order.pdf},
  organization = {The University of Utah}
}

